@book{FIS02,
  author = {Stephen H. Friedberg and Arnold J. Insel and Lawrence E. Spence},
  title = {Linear Algebra},
  edition = {5th},
  publisher = {Pearson Education},
  address = {Upper Saddle River, New Jersey},
  year = {2018}
}

@book{BFB14,
  author = {Richard L. Burden and Douglas J. Faires and Annette M. Burden},
  title = {Numerical Analysis},
  edition = {10th},
  publisher = {Cengage Learning},
  year = {2014}
}

@book{HJ13,
  author = {Roger A. Horn and Charles R. Johnson},
  title = {Matrix Analysis},
  edition = {2nd},
  publisher = {Cambridge University Press},
  year = {2013}
}

@misc{fou12,
  author = {Simon Foucart},
  title = {Lecture note from Math 504, Linear Algebra and Matrix Analysis},
  year = {2012},
  howpublished = {\url{https://www.math.drexel.edu/~foucart/TeachingFiles/F12/M504Lect5.pdf}},
  note = {Lecture 5: Eigenvalues of Hermitian Matrices}
}

@misc{glchen23,
  author = {Guangliang Chen},
  title = {Lecture note from Math 250, Mathematical Data Visualization},
  year = {2023},
  howpublished = {\url{https://www.sjsu.edu/faculty/guangliang.chen/Math250/lec7matrixnorm.pdf}},
  note = {Lecture 7: Matrix norm and low-rank approximation}
}

@misc{Hig21,
  author = {Nick Higham},
  title = {What Is a Unitarily Invariant Norm?},
  year = {2021},
  howpublished = {\url{https://nhigham.com/2021/02/02/what-is-a-unitarily-invariant-norm/}}
}

@misc{Das22,
  author    = {Sanjoy Das},
  title     = {Eckart–Young–Mirsky Theorem and Proof},
  year      = {2022},
  howpublished = {\url{https://www.youtube.com/watch?v=MbX27X_ReOQ}}
}

@misc{ML22,
  author    = {機器學習2022},
  title     = {W6 Explanation - Proof of Eckart Young Mirsky Theorem},
  year      = {2022},
  howpublished = {\url{https://www.youtube.com/watch?v=UwpMMl6SZDg}}
}

@article{mittal2012no,
  title={No-reference image quality assessment in the spatial domain},
  author={Mittal, Anish and Moorthy, Anush Krishna and Bovik, Alan Conrad},
  journal={IEEE Transactions on image processing},
  volume={21},
  number={12},
  pages={4695--4708},
  year={2012},
  publisher={IEEE}
}

@inproceedings{wang2017research,
  title={Research and implementation of SVD in machine learning},
  author={Wang, Yongchang and Zhu, Ligu},
  booktitle={2017 IEEE/ACIS 16th International Conference on Computer and Information Science (ICIS)},
  pages={471--475},
  year={2017},
  organization={IEEE}
}